@misc {IRENA:RenewPowerGen,
	title = {Renewable Power Generation Costs in 2020},
	author = {{IRENA} ({International Renewable Energy Agency})},
	publisher = {International Renewable Energy Agency, Abu Dhabi},
	year = {2021},
}

@misc {OEE:2030Ocean,
	author = {{OEE}},
	year = {2020},
	title = {2030 {Ocean Energy Vision}. Industry analysis of future deployments, costs and supply chains}
}

@misc {BandoLega,
  author = {Isole Sostenibili},
  title = {ENERGIA, ACQUA, MOBILITÀ, ECONOMIA CIRCOLARE, TURISMO SOSTENIBILE},
  year = {2021},
}

@misc {OCT:DevelopmentReport,
	author = {Davide Magagna},
	title = {Ocean Energy Technology Development Report},
	year = {2018},
}

@misc {MagicFrenchDoc,
  title = {Programmation pluriannuelle de l'énergie pour les Iles Wallis et Futuna},
  year = {2017},
}

@online {ORS:Coral,
  author = {Orsted},
  year = {2022},
  url = {https://orsted.com/en/sustainability/our-priorities/nature/recoral},
}

@online{a,
  author = {Isole Sostenibili},
  year = {2020},
  title = {Risparmio energetico e sviluppo sostenibile : 4 mln al Comune di Lipari},
  url = {https://www.isolesostenibili.it/2020/06/09/risparmio-energetico-e-sviluppo-sostenibile-4-mln-al-comune-di-lipari/},
}

@online{b,
  author = {Focus Sicilia},
  year = {2021},
  title = {Isole minori, la sostenibilità è lontana. Rinnovabili al palo, l'energia va a gasolio},
  url = {https://focusicilia.it/isole-minori-la-sostenibilita-e-lontana-rinnovabili-al-palo-lenergia-va-a-gasolio/},
}

@online{c,
  author = {Liparinet},
  year = {2020},
  title = {Comune di Lipari aderisce a "Piano di azione per l'energia sostenibile ed il clima"},
  url = {http://www.liparinet.it/comune-di-lipari-aderisce-a-piano-di-azione-per-lenergia-sostenibile-ed-il-clima/},
}

@online{d,
  author = {Lipari.biz},
  year = {2012},
  title = {Il campo fotovoltaico di {Monte S.Angelo}},
  url = {https://www.lipari.biz/notizia.asp?idnews=19510},
}

@online{e,
  author = {QDS.it},
  year = {2022},
  title = {Vergogna a Lipari: la centrale solare nuova di zecca andata in malora},
  url = {https://qds.it/eolie-lipari-centrale-solare-abbandonata/?refresh_ce},
}

@online{f,
  author = {Notiziarioeolie},
  year = {2018},
  title = {Lipari\&Incompiute, i pannelli solari di Monte Sant'Angelo. I commenti},
  url = {https://www.notiziarioeolie.it/notizie/8485-lipari-incompiute-i-pannelli-solari-di-monte-sant-angelo-l-intervento.html},
}
